@inproceedings{kim2019unsupervised,
	title={Unsupervised visual domain adaptation: A deep max-margin gaussian process approach},
	author={Kim, Minyoung and Sahu, Pritish and Gholami, Behnam and Pavlovic, Vladimir},
	booktitle={Proceedings of the IEEE Conference on Computer Vision and Pattern Recognition},
	pages={4380--4390},
	year={2019}
}

@inproceedings{saito2018maximum,
	title={Maximum classifier discrepancy for unsupervised domain adaptation},
	author={Saito, Kuniaki and Watanabe, Kohei and Ushiku, Yoshitaka and Harada, Tatsuya},
	booktitle={Proceedings of the IEEE Conference on Computer Vision and Pattern Recognition},
	pages={3723--3732},
	year={2018}
}

@inproceedings{ranganath2014black,
	title={Black box variational inference},
	author={Ranganath, Rajesh and Gerrish, Sean and Blei, David},
	booktitle={Artificial Intelligence and Statistics},
	pages={814--822},
	year={2014}
}

@inproceedings{bendavid2006,
	title={Analysis of Representations for Domain Adaptation},
	author={Ben-David, Blitzer, Crammer, and Pereira},
	booktitle={NIPS'06 Proceedings of the 19th International Conference on Neural Information Processing Systems},
	pages={137--144},
	year={2006},
	publisher={MIT Press Cambridge}
}

@article{bendavid2010,
	title={A theory of learning from different domains},
	author={Ben-David, Shai and Blitzer, John and Crammer, Koby and Kulesza, Alex and Pereira, Fernando and Vaughan, Jennifer Wortman},
	journal={Machine learning},
	volume={79},
	number={1-2},
	pages={151--175},
	year={2010},
	publisher={Springer}
}

@article{amari1998natural,
	title={Natural gradient works efficiently in learning},
	author={Amari, Shun-Ichi},
	journal={Neural computation},
	volume={10},
	number={2},
	pages={251--276},
	year={1998},
	publisher={MIT Press}
}

@article{pascanu2013revisiting,
	title={Revisiting natural gradient for deep networks},
	author={Pascanu, Razvan and Bengio, Yoshua},
	journal={arXiv preprint arXiv:1301.3584},
	year={2013}
}

@article{khan2018fast,
	title={Fast and scalable Bayesian deep learning by weight-perturbation in Adam},
	author={Khan, Mohammad Emtiyaz and Nielsen, Didrik and Tangkaratt, Voot and Lin, Wu and Gal, Yarin and Srivastava, Akash},
	journal={arXiv preprint arXiv:1806.04854},
	year={2018}
}